<record><leader>00000cas a22000007a 4500</leader><controlfield tag="001">20335731</controlfield><controlfield tag="008">890913d19791980moucr ne      0    0eng d</controlfield><datafield ind1=" " ind2=" " tag="010"><subfield code="a">sn 89067004 </subfield></datafield><datafield ind1=" " ind2=" " tag="040"><subfield code="a">MQN</subfield><subfield code="b">eng</subfield><subfield code="c">MQN</subfield><subfield code="d">OCLCQ</subfield></datafield><datafield ind1=" " ind2=" " tag="042"><subfield code="a">msc</subfield></datafield><datafield ind1="0" ind2="4" tag="245"><subfield code="a">The Twice weekly Farmington press.</subfield></datafield><datafield ind1=" " ind2=" " tag="260"><subfield code="a">Farmington, Mo. :</subfield><subfield code="b">Craig Watkins,</subfield><subfield code="c">1979-1980.</subfield></datafield><datafield ind1=" " ind2=" " tag="300"><subfield code="a">v.</subfield></datafield><datafield ind1=" " ind2=" " tag="310"><subfield code="a">Semiweekly</subfield></datafield><datafield ind1="0" ind2=" " tag="362"><subfield code="a">Dec. 4, 1979-v. 52, no. 8 (Jan. 24, 1980).</subfield></datafield><datafield ind1=" " ind2=" " tag="515"><subfield code="a">Dec. 4, 1979 issue lacks numbering, but constitutes vol. 51, no. 279.</subfield></datafield><datafield ind1=" " ind2=" " tag="752"><subfield code="a">United States</subfield><subfield code="b">Missouri</subfield><subfield code="c">Saint Francois</subfield><subfield code="d">Farmington.</subfield></datafield><datafield ind1="0" ind2="0" tag="780"><subfield code="t">Farmington evening press</subfield><subfield code="w">(DLC)sn 89067003</subfield></datafield><datafield ind1="0" ind2="0" tag="785"><subfield code="t">Tuesday Farmington press</subfield><subfield code="w">(DLC)sn 89067005</subfield></datafield></record>